@article{turner_1999_structural,
  author = {Turner, Brian G and Summers, Michael F},
  month = {01},
  pages = {1-32},
  title = {Structural biology of HIV 1 1Edited by P. E. Wright},
  doi = {10.1006/jmbi.1998.2354},
  urldate = {2019-02-09},
  volume = {285},
  year = {1999},
  journal = {Journal of Molecular Biology}
}

@article{fanalesbelasio_2010_hiv,
  author = {Fanales-Belasio, Emanuele and Raimondo, Mariangela and Suligoi, Barbara and Buttò, Stefano},
  month = {03},
  title = {HIV virology and pathogenetic mechanisms of infection: a brief overview},
  doi = {DOI: 10.4415/ANN_10_01_02 },
  volume = {46},
  year = {2010},
  journal = {Annali dell'Istituto Superiore di Sanità}
}

@article{kandathil_2005_molecular,
  author = {Kandathil, A. J. and Ramalingam, S. and Kannangai, R. and David, Shoba and Sridharan, G.},
  month = {04},
  pages = {333–344},
  title = {Molecular epidemiology of HIV},
  url = {https://pubmed.ncbi.nlm.nih.gov/15817947/},
  volume = {121},
  year = {2005},
  journal = {The Indian Journal of Medical Research}
}

@article{eberle_2012_hiv,
  author = {Eberle, Josef and Gürtler, Lutz},
  pages = {79–83},
  title = {HIV types, groups, subtypes and recombinant forms: errors in replication, selection pressure and quasispecies},
  doi = {10.1159/000331993 },
  url = {https://pubmed.ncbi.nlm.nih.gov/22286874/},
  urldate = {2020-12-15},
  volume = {55},
  year = {2012},
  journal = {Intervirology}
}

@book{pevsner_2015_bioinformatics,
  author = {Pevsner, Jonathan},
  publisher = {Wiley Blackwell},
  title = {Bioinformatics and functional genomics},
  year = {2015}
}

@article{cronk_2009_evolution,
  author = {Cronk, Q. C. B.},
  pages = {259–266},
  title = {Evolution in reverse gear: the molecular basis of loss and reversal},
  doi = {10.1101/sqb.2009.74.034},
  url = {https://pubmed.ncbi.nlm.nih.gov/19955256/#:~:text=Reversals%20may%20occur%20by%20cryptic},
  urldate = {2022-08-10},
  volume = {74},
  year = {2009},
  journal = {Cold Spring Harbor Symposia on Quantitative Biology}
}

@article{kanekar_2011_determinants,
  author = {Kanekar, Amar Shireesh and Omare, Danvas},
  month = {03},
  title = {Determinants of HIV/AIDS in armed conflict populations},
  doi = {10.4081/jphia.2011.e9},
  url = {https://apha.confex.com/apha/139am/webprogram/Handout/Paper234567/APHA%202011.pdf},
  volume = {2},
  year = {2011},
  journal = {Journal of Public Health in Africa}
}

@article{stojsavljevic_1995_women,
  author = {Stojsavljevic, Jovanka},
  month = {02},
  pages = {36-41},
  title = {Women, conflict, and culture in former Yugoslavia},
  doi = {10.1080/741921762},
  volume = {3},
  year = {1995},
  journal = {Gender & Development}
}

@misc{statestatisticscommitteeofukraine_2007_,
  author = {State Statistics Committee of Ukraine, },
  month = {07},
  title = {Всеукраїнський перепис населення 2001 | English version | Results | General results of the census | National composition of population:},
  url = {https://web.archive.org/web/20070706003257/http://www.ukrcensus.gov.ua/eng/results/general/nationality/},
  year = {2007},
  organization = {web.archive.org}
}

@article{paraskevis_2009_tracing,
  author = {Paraskevis, Dimitrios and Pybus, Oliver and Magiorkinis, Gkikas and Hatzakis, Angelos and Wensing, Annemarie Mj and van de Vijver, David A. and Albert, Jan and Angarano, Guiseppe and Asjö, Birgitta and Balotta, Claudia and Boeri, Enzo and Camacho, Ricardo and Chaix, Marie-Laure and Coughlan, Suzie and Costagliola, Dominique and De Luca, Andrea and de Mendoza, Carmen and Derdelinckx, Inge and Grossman, Zehava and Hamouda, Osama and Hoepelman, Im and Horban, Andrzej and Korn, Klaus and Kücherer, Claudia and Leitner, Thomas and Loveday, Clive and Macrae, Eilidh and Maljkovic-Berry, I. and Meyer, Laurence and Nielsen, Claus and Op de Coul, Eline Lm and Ormaasen, Vidar and Perrin, Luc and Puchhammer-Stöckl, Elisabeth and Ruiz, Lidia and Salminen, Mika O. and Schmit, Jean-Claude and Schuurman, Rob and Soriano, Vincent and Stanczak, J. and Stanojevic, Maja and Struck, Daniel and Van Laethem, Kristel and Violin, M. and Yerly, Sabine and Zazzi, Maurizio and Boucher, Charles A. and Vandamme, Anne-Mieke and SPREAD Programme},
  month = {05},
  title = {Tracing the HIV-1 subtype B mobility in Europe: a phylogeographic approach},
  doi = {10.1186/1742-4690-6-49},
  url = {https://pubmed.ncbi.nlm.nih.gov/19457244/},
  urldate = {2023-04-19},
  volume = {6},
  year = {2009},
  journal = {Retrovirology}
}

@article{jiang_2022_quo,
  author = {Jiang, Yuchen and Li, Xiang and Luo, Hao and Yin, Shen and Kaynak, Okyay},
  month = {03},
  title = {Quo vadis artificial intelligence?},
  doi = {https://doi.org/10.1007/s44163-022-00022-8},
  url = {https://link.springer.com/article/10.1007/s44163-022-00022-8#citeas},
  urldate = {2023-04-19},
  volume = {2},
  year = {2022},
  journal = {Discover Artificial Intelligence}
}

@article{ellison_2020_covid19,
  author = {Ellison, George T. H.},
  month = {08},
  pages = {506-513},
  title = {COVID-19 and the epistemology of epidemiological models at the dawn of AI},
  doi = {10.1080/03014460.2020.1839132},
  volume = {47},
  year = {2020},
  journal = {Annals of Human Biology}
}

@misc{ukrainian,
  title = {Ukrainian refugees by selected country 2022},
  url = {https://www.statista.com/statistics/1312584/ukrainian-refugees-by-country/},
  urldate = {2022-08-28},
  organization = {Statista}
}

@article{holmes_1995_revealing,
  author = {Holmes, E. C. and Nee, S. and Rambaut, A. and Garnett, G. P. and Harvey, P. H.},
  month = {07},
  pages = {33–40},
  title = {Revealing the history of infectious disease epidemics through phylogenetic trees},
  doi = {10.1098/rstb.1995.0088},
  url = {https://www.ncbi.nlm.nih.gov/pubmed/8748017},
  volume = {349},
  year = {1995},
  journal = {Philosophical Transactions of the Royal Society of London. Series B, Biological Sciences}
}

@article{ojha_2022_computational,
  author = {Ojha, Krishna Kumar and Mishra, Swapnil and Singh, Vijay Kumar},
  pages = {67-89},
  title = {Computational molecular phylogeny: concepts and applications},
  doi = {10.1016/b978-0-323-89775-4.00025-0},
  year = {2022},
  journal = {Bioinformatics}
}

@article{chen_2022_the,
  author = {Chen, Jing and Zhou, Tong and Zhang, Yuan and Luo, Shumin and Chen, Huan and Chen, Dexi and Li, Chuanyun and Li, Weihua},
  month = {07},
  title = {The reservoir of latent HIV},
  doi = {10.3389/fcimb.2022.945956},
  volume = {12},
  year = {2022},
  journal = {Frontiers in Cellular and Infection Microbiology}
}

@article{collins_2004_resistance,
  author = {Collins, K},
  month = {04},
  pages = {494-500},
  title = {Resistance of HIV-infected cells to cytotoxic T lymphocytes},
  doi = {10.1016/j.micinf.2003.12.014},
  urldate = {2020-02-27},
  volume = {6},
  year = {2004},
  journal = {Microbes and Infection}
}

@article{gulzar_2004_cd8,
  author = {Gulzar, Naveed and Copeland, Karen F. T.},
  month = {01},
  pages = {23–37},
  title = {CD8+ T-cells: function and response to HIV infection},
  doi = {10.2174/1570162043485077},
  url = {https://pubmed.ncbi.nlm.nih.gov/15053338/},
  volume = {2},
  year = {2004},
  journal = {Current HIV research}
}

@misc{worldhealthorganization_2021_hivaids,
  author = {World Health Organization},
  title = {HIV/AIDS},
  url = {https://www.who.int/health-topics/hiv-aids#tab=tab_1},
  year = {2021},
  organization = {www.who.int}
}

@article{garca_2020_transcriptional,
  author = {García, Marcial and López-Fernández, Luis and Mínguez, Pablo and Morón-López, Sara and Restrepo, Clara and Navarrete-Muñoz, María A and López-Bernaldo, Juan Carlos and Benguría, Alberto and García, María Isabel and Cabello, Alfonso and Fernández-Guerrero, Manuel and De la Hera, Francisco Javier and Estrada, Vicente and Barros, Carlos and Martínez-Picado, Javier and Górgolas, Miguel and Benito, José M. and Rallón, Norma},
  month = {06},
  pages = {1093-1105},
  title = {Transcriptional signature of resting-memory CD4 T cells differentiates spontaneous from treatment-induced HIV control},
  doi = {10.1007/s00109-020-01930-x},
  urldate = {2023-04-03},
  volume = {98},
  year = {2020},
  journal = {Journal of Molecular Medicine}
}

@article{zhang_2000_human,
  author = {Zhang, Hui and Pomerantz, Roger J. and Dornadula, Geethanjali and Sun, Yong},
  month = {09},
  pages = {8252-8261},
  title = {Human Immunodeficiency Virus Type 1 Vif Protein Is an Integral Component of an mRNP Complex of Viral RNA and Could Be Involved in the Viral RNA Folding and Packaging Process},
  doi = {10.1128/jvi.74.18.8252-8261.2000},
  url = {https://www.ncbi.nlm.nih.gov/pmc/articles/PMC116333/},
  urldate = {2023-04-19},
  volume = {74},
  year = {2000},
  journal = {Journal of Virology}
}

@article{kogan_2011_hiv1,
  author = {Kogan, Michael and Rappaport, Jay},
  month = {04},
  title = {HIV-1 Accessory Protein Vpr: Relevance in the pathogenesis of HIV and potential for therapeutic intervention},
  doi = {10.1186/1742-4690-8-25},
  volume = {8},
  year = {2011},
  journal = {Retrovirology}
}

@article{khan_2021_role,
  author = {Khan, Nabab and Geiger, Jonathan D.},
  month = {07},
  pages = {1466},
  title = {Role of Viral Protein U (Vpu) in HIV-1 Infection and Pathogenesis},
  doi = {10.3390/v13081466},
  urldate = {2022-08-20},
  volume = {13},
  year = {2021},
  journal = {Viruses}
}

@article{seitz_2016_human,
  author = {Seitz, Rainer },
  month = {05},
  pages = {203-222},
  title = {Human Immunodeficiency Virus (HIV)},
  doi = {10.1159/000445852},
  volume = {43},
  year = {2016},
  journal = {Transfusion Medicine and Hemotherapy}
}

@article{ijeomaaniekwu_2007_sexual,
  author = {Ijeoma Aniekwu, Nkolika and Atsenuwa, Ayo},
  month = {06},
  pages = {313-324},
  title = {Sexual Violence and HIV/AIDS in Sub-Saharan Africa: An Intimate Link},
  doi = {10.1080/13549830601098289},
  volume = {12},
  year = {2007},
  journal = {Local Environment}
}

@article{vasylyeva_2018_molecular,
  author = {Vasylyeva, Tetyana I. and Liulchuk, Mariia and Friedman, Samuel R. and Sazonova, Iana and Faria, Nuno R. and Katzourakis, Aris and Babii, Nataliia and Scherbinska, Alla and Thézé, Julien and Pybus, Oliver G. and Smyrnov, Pavlo and Mbisa, Jean L. and Paraskevis, Dimitrios and Hatzakis, Angelos and Magiorkinis, Gkikas},
  month = {01},
  pages = {1051–1056},
  title = {Molecular epidemiology reveals the role of war in the spread of HIV in Ukraine},
  doi = {10.1073/pnas.1701447115},
  url = {https://www.pnas.org/content/115/5/1051},
  volume = {115},
  year = {2018},
  journal = {Proceedings of the National Academy of Sciences}
}